% Optional fields: volume, number, pages, month, note
% Optional fields: volume, number, pages, month, note
@ARTICLE{localTrendStatistics,
  author = {Chris Brunsdon, Martin Charlton},
  title = {Local trend statistics for directional data - A moving window approach},
  journal = {Computers, Environment and Urban Systems},
  volume = {30},
  number = {2},
  pages = {130--142},
  year = {2005},
  publisher = {Elsevier}
}

@article{wirz2013probing,
  title={Probing crowd density through smartphones in city-scale mass gatherings},
  author={Wirz, Martin and Franke, Tobias and Roggen, Daniel and Mitleton-Kelly, Eve and Lukowicz, Paul and Tr{\"o}ster, Gerhard},
  journal={EPJ Data Science},
  volume={2},
  number={1},
  pages={1--24},
  year={2013},
  publisher={Springer}
}

@inproceedings{wirz2012inferring,
  title={Inferring crowd conditions from pedestrians' location traces for real-time crowd monitoring during city-scale mass gatherings},
  author={Wirz, Martin and Franke, Tobias and Roggen, Daniel and Mitleton-Kelly, Eve and Lukowicz, Paul and Tr{\"o}ster, Gerhard},
  booktitle={Enabling Technologies: Infrastructure for Collaborative Enterprises (WETICE), 2012 IEEE 21st International Workshop on},
  pages={367--372},
  year={2012},
  organization={IEEE}
}

@article{franke2015smart,
  title={Smart crowds in smart cities: real life, city scale deployments of a smartphone based participatory crowd management platform},
  author={Franke, Tobias and Lukowicz, Paul and Blanke, Ulf},
  journal={Journal of Internet Services and Applications},
  volume={6},
  number={1},
  pages={1--19},
  year={2015},
  publisher={Springer}
}


@inproceedings{blanke2014capturing,
  title={Capturing crowd dynamics at large scale events using participatory gps-localization},
  author={Blanke, Ulf and Troster, Gerhard and Franke, Tobias and Lukowicz, Paul},
  booktitle={Intelligent Sensors, Sensor Networks and Information Processing (ISSNIP), 2014 IEEE Ninth International Conference on},
  pages={1--7},
  year={2014},
  organization={IEEE}
}

@inproceedings{wirz2013coenosense,
  title={Coenosense: A framework for real-time detection and visualization of collective behaviors in human crowds by tracking mobile devices},
  author={Wirz, Martin and Franke, Tobias and Mitleton-Kelly, Eve and Roggen, Daniel and Lukowicz, Paul and Tr{\"o}ster, Gerhard},
  booktitle={Proceedings of the European Conference on Complex Systems 2012},
  pages={353--361},
  year={2013},
  organization={Springer}
}

@misc{website:Wikipedia-Hajj,
  author="Wikipedia",
  title="Incidents during the Hajj",
  Month="April",
  Year="2016",
  url="https://en.wikipedia.org/wiki/Incidents_during_the_Hajj"
}

@misc{website:Wikipedia-Hajj2,
  author="Wikipedia",
  title="Hajj",
  Month="April",
  Year="2016",
  url="https://en.wikipedia.org/wiki/Hajj"
}

@misc{website:Wikipedia-stationclubfire,
  author="Wikipedia",
  title="The Station nightclub fire",
  Month="April",
  Year="2016",
  url="https://en.wikipedia.org/wiki/The_Station_nightclub_fire"
}

@misc{website:Wikipedia-minastampede,
  author="Wikipedia",
  title="The 2015 Mina Stampede",
  Month="April",
  Year="2016",
  url="https://en.wikipedia.org/wiki/2015_Mina_stampede"
}

@article{fruincauses,
  title={The Causes and Prevention of Crowd Disasters},
  author={John J. Fruin},
  year={2002},
  publisher={Crowdsafe.com},
  url="http://www.crowdsafe.com/fruincauses.pdf",
  note="Originally presented at the First International Conference on Engineering for Crowd Safety,
London, England, March 1993.  Revised exclusively for crowdsafe.com, January 2002."
}

@misc{website:Wikipedia-meccatunnel,
  author="Wikipedia",
  title="1990 Mecca Tunnel Tragedy",
  Month="April",
  Year="2016",
  url="https://en.wikipedia.org/wiki/1990_Mecca_tunnel_tragedy"
}

@article{empircalstudy,
  author={A. Johansson and D. Helbing and H. Z. A-Abideen},
  year={2007},
  title={The Dynamics of Crowd Disasters: An Empirical Study},
  journal={Physical Review}
}

@article{videoanalysis,
  author={A. Johansson and D. Helbing and H. Z. A-Abideen and S. Al-Bosta},
  year={2008},
  title={From Crowd Dynamics to Crowd Safety: A Video-based Analysis},
  journal={Advances in Complex Systems}
}

@misc{techcrunch_mobile_usage,
  author="Ingrid Lunden",
  title="80\% Of All Online Adults Now Own A Smartphone, Less Then 10\% Use Wearables",
  Month="January",
  Year="2015",
  url="http://techcrunch.com/2015/01/12/80-of-all-online-adults-now-own-a-smartphone-less-than-10-use-wearables/"
}

@article{dey2010location,
  title={Location-based services},
  author={Dey, Anind and Hightower, Jeffrey and De Lara, Eyal and Davies, Nigel},
  journal={IEEE Pervasive Computing},
  number={1},
  pages={11--12},
  year={2010},
  publisher={IEEE}
}

@book{schiller2004location,
  title={Location-based services},
  author={Schiller, Jochen and Voisard, Agn{\`e}s},
  year={2004},
  publisher={Elsevier}
}

@book{JavaScript,
  author = {ECMA International},
  edition = {6},
  keywords = {ECMA JavaScript Specification Standard},
  month = {June},
  title = {Standard ECMA-262 - ECMAScript Language Specification},
  url = {http://www.ecma-international.org/publications/standards/Ecma-262.htm},
  year = 2015
}

@book{uml,
  author = {Object Management Group},
  edition = {2.5},
  month = {March},
  title = {OMG Unified Modeling Language},
  url = {http://www.omg.org/spec/UML/2.5/},
  year = 2015
}

@book{JSON,
  author = {ECMA International},
  edition = {1},
  keywords = {ECMA JSON Specification Standard},
  month = {October},
  title = {Standard ECMA-404 - The JSON Data Interchange Format},
  url = {http://www.ecma-international.org/publications/standards/Ecma-404.htm},
  year = 2013
}

@book{WGS84,
  author = {United States National Geospatial-Intelligence Agency},
  edition = {1.0.0},
  month = {July},
  title = {Department of Defense World Geodetic System 1984 - Its Definition and Relationships with Local Geodetic Systems},
  url = {http://earth-info.nga.mil/GandG/publications/NGA_STND_0036_1_0_0_WGS84/NGA.STND.0036_1.0.0_WGS84.pdf},
  year = 2014
}


@misc{website:mapbox.js,
  title="Mapbox.js",
  Month="April",
  Year="2016",
  url="https://www.mapbox.com/mapbox.js/"
}

@misc{website:leaflet.heat,
  title="Leaflet.heat - A tiny, simple and fast heatmap plugin for Leaflet",
  Month="April",
  Year="2016",
  url="https://github.com/Leaflet/Leaflet.heat"
}

@misc{website:heatmap.js,
  title="heatmap.js - JavaScript Library for HTML5 canvas based heatmaps",
  Month="April",
  Year="2016",
  url="https://github.com/pa7/heatmap.js"
}


@misc{website:lawofcosines,
  title="Shperical law of cosines",
  Month="April",
  Year="2016",
  url="https://en.wikipedia.org/wiki/Spherical_law_of_cosines"
}

@article{vincenty,
  title={Geodetic Inverse Solution Between Antipodal Points},
  author={Vincenty, Thaddeus},
  journal={Geodetic Science},
  year={1975},
  publisher={Ohio State University}
}

@misc{website:Wikipedia-mapprojections,
  author="Wikipedia",
  title="List of map projections",
  Month="April",
  Year="2016",
  url="https://en.wikipedia.org/wiki/List_of_map_projections"
}

@misc{website:Wikipedia-geodesy,
  author="Wikipedia",
  title="Geodesy",
  Month="April",
  Year="2016",
  url="https://en.wikipedia.org/wiki/Geodesy"
}

@book{webmercator,
  author = {United States National Geospatial-Intelligence Agency},
  edition = {1.0.0},
  month = {February},
  title = {Implementation Practice - Web Mercator Map Projection},
  url = {http://earth-info.nga.mil/GandG/wgs84/web_mercator/\%28U\%29\%20NGA_SIG_0011_1.0.0_WEBMERC.pdf},
  year = 2014
}

@book{projectionalbum,
  author = {Snyder, John P. and Voxland, Philip M.},
  publisher={U.S. Geological Survey},
  month = {February},
  title = {An album of map projections},
  url = {http://pubs.usgs.gov/pp/1453/report.pdf},
  year = 1989
}

@online{earthtriangle,
 author  = "Lars H. Rohwedder",
 title   = "Triangles (spherical geometry)",
 year    = "2007",
 urlseen = "2016-05-04",
 url     = "https://commons.wikimedia.org/wiki/File:Triangles_\%28spherical_geometry\%29.jpg"
}

@online{wiki:kernel_density_estimation,
 author  = "Drleft",
 title   = "	
Comparison of 1D bandwidth selectors",
 year    = "2010",
 urlseen = "2016-05-09",
 url     = "https://en.wikipedia.org/wiki/Kernel_density_estimation#/media/File:Comparison_of_1D_bandwidth_selectors.png"
}



@article{tissot,
  title={Flexion and Skewness in Map Projections of the Earth},
  author={Goldberg, David M. and Gott, J. Richard},
  year={2007},
  publisher={University of Toronto Press},
  journal={Cartographica},
  url="http://www.physics.drexel.edu/~goldberg/projections/goldberg_gott.pdf"
}

@article{mercatorcritique,
  title={Implications of Web Mercator and Its Use in
Online Mapping},
  author={Battersby, Sarah E. and Finn, Michael P. and Usery, Lynn E. and Yamamoto, Kristina H.},
  year={2014},
  publisher={University of Toronto Press},
  journal={Cartographica}
}

@book{rtree,
  author = {Manolopoulos, Yannis and Nanopoulos, Alexandros and Papadopoulus, Apostolos and Theodoridis, Yannis},
  publisher={Springer},
  month = {September},
  title = {R-Trees: Theory and Applications},
  year = 2010
}